<?xml version="1.0" encoding="UTF-8"?>
<OAI-PMH xmlns="http://www.openarchives.org/OAI/2.0/" xmlns:xsi="http://www.w3.org/2001/XMLSchema-instance" xsi:schemaLocation="http://www.openarchives.org/OAI/2.0/ http://www.openarchives.org/OAI/2.0/OAI-PMH.xsd">
  <ListRecords>
    <record>
      <header>
        <identifier>aleph-publish:000897969</identifier>
      </header>
      <metadata>
        <record xmlns="http://www.ddb.de/professionell/mabxml/mabxml-1.xsd">
          <leader>00000nM2.01200024------h</leader>
          <controlfield tag="LDR">00000nM2.01200024------h</controlfield>
          <controlfield tag="FMT">MH</controlfield>
          <datafield tag="001" ind1="-" ind2="1">
            <subfield code="a">HT003997646</subfield>
          </datafield>
          <datafield tag="002" ind1="a" ind2="1">
            <subfield code="a">19991120</subfield>
          </datafield>
          <datafield tag="003" ind1="-" ind2="1">
            <subfield code="a">20130514101455</subfield>
          </datafield>
          <datafield tag="020" ind1="a" ind2="1">
            <subfield code="a">623082-9</subfield>
            <subfield code="b">DNB</subfield>
          </datafield>
          <datafield tag="025" ind1="a" ind2="1">
            <subfield code="a">013608657</subfield>
          </datafield>
          <datafield tag="025" ind1="z" ind2="1">
            <subfield code="a">623082-9</subfield>
          </datafield>
          <datafield tag="025" ind1="o" ind2="1">
            <subfield code="a">612954502</subfield>
          </datafield>
          <datafield tag="026" ind1="-" ind2="1">
            <subfield code="a">ZDB623082-9</subfield>
          </datafield>
          <controlfield tag="030">b|zucz|z|||37</controlfield>
          <datafield tag="036" ind1="a" ind2="1">
            <subfield code="a">XA-DE</subfield>
          </datafield>
          <datafield tag="037" ind1="b" ind2="1">
            <subfield code="a">ger</subfield>
          </datafield>
          <controlfield tag="050">a|a|||||||||||</controlfield>
          <controlfield tag="052">p||||||zb||||||</controlfield>
          <datafield tag="070" ind1="-" ind2="1">
            <subfield code="a">9001</subfield>
          </datafield>
          <datafield tag="070" ind1="a" ind2="1">
            <subfield code="a">DNB</subfield>
          </datafield>
          <datafield tag="070" ind1="b" ind2="1">
            <subfield code="a">1241</subfield>
          </datafield>
          <datafield tag="073" ind1="-" ind2="1">
            <subfield code="a">8</subfield>
          </datafield>
          <datafield tag="073" ind1="-" ind2="1">
            <subfield code="a">5,3</subfield>
          </datafield>
          <datafield tag="076" ind1="-" ind2="1">
            <subfield code="a">||a|||</subfield>
          </datafield>
          <datafield tag="078" ind1="n" ind2="1">
            <subfield code="a">NWBib-Zeitschrift</subfield>
          </datafield>
          <datafield tag="331" ind1="-" ind2="1">
            <subfield code="a">Praxis Geschichte</subfield>
          </datafield>
          <datafield tag="335" ind1="-" ind2="1">
            <subfield code="a">Zeitschrift für den Geschichtsunterricht in der Sek I/II</subfield>
          </datafield>
          <datafield tag="405" ind1="-" ind2="1">
            <subfield code="a">[1.]1987,0; [2.]1988 - [8.]1994; 9.1995 - 12.1998,1; 11.1998,2 - 22.2009; 2010 -</subfield>
          </datafield>
          <datafield tag="410" ind1="-" ind2="1">
            <subfield code="a">Braunschweig</subfield>
          </datafield>
          <datafield tag="412" ind1="-" ind2="1">
            <subfield code="a">Westermann</subfield>
          </datafield>
          <datafield tag="425" ind1="b" ind2="1">
            <subfield code="a">1987</subfield>
          </datafield>
          <datafield tag="431" ind1="-" ind2="1">
            <subfield code="a">Index 1987/92 in: 1992; 1987/93 in: 1993; 1994/97 in: 1997</subfield>
          </datafield>
          <datafield tag="435" ind1="-" ind2="1">
            <subfield code="a">30 cm</subfield>
          </datafield>
          <datafield tag="523" ind1="-" ind2="1">
            <subfield code="a">Jg. 12.1998,2-6 fälschlich als Jg. 11 bez.; falsche Zählung wird fortgeführt; 6x jährl.</subfield>
          </datafield>
          <datafield tag="524" ind1="-" ind2="1">
            <subfield code="p">Ungezählte Beil. ab 2011</subfield>
            <subfield code="a"> Extra</subfield>
          </datafield>
          <datafield tag="527" ind1="z" ind2="1">
            <subfield code="p">CD-ROM-Ausg. ---&gt;</subfield>
            <subfield code="a">Praxis Geschichte</subfield>
            <subfield code="9">HT010406248</subfield>
          </datafield>
          <datafield tag="527" ind1="z" ind2="1">
            <subfield code="p">Online-Ausg. ---&gt;</subfield>
            <subfield code="a">Praxis Geschichte</subfield>
            <subfield code="9">HT015436023</subfield>
          </datafield>
          <datafield tag="529" ind1="z" ind2="1">
            <subfield code="p">2005 - 2006 Beil. ---&gt;</subfield>
            <subfield code="a">Praxis spezial</subfield>
            <subfield code="9">HT014362410</subfield>
          </datafield>
          <datafield tag="529" ind1="z" ind2="1">
            <subfield code="p">2009 Beil. ---&gt;</subfield>
            <subfield code="a">Praxis Geschichte / Extra</subfield>
            <subfield code="9">HT015981364</subfield>
          </datafield>
          <datafield tag="537" ind1="-" ind2="1">
            <subfield code="a">16!</subfield>
          </datafield>
          <datafield tag="542" ind1="a" ind2="1">
            <subfield code="a">0933-5374</subfield>
          </datafield>
          <datafield tag="545" ind1="a" ind2="1">
            <subfield code="a">ISSN 0933-5374</subfield>
          </datafield>
          <datafield tag="574" ind1="-" ind2="1">
            <subfield code="a">08,A07,2001</subfield>
          </datafield>
          <datafield tag="700" ind1="-" ind2="1">
            <subfield code="a">900</subfield>
            <subfield code="a">DNB</subfield>
          </datafield>
          <datafield tag="700" ind1="-" ind2="1">
            <subfield code="a">370</subfield>
            <subfield code="a">DNB</subfield>
          </datafield>
          <datafield tag="700" ind1="-" ind2="1">
            <subfield code="a">900</subfield>
            <subfield code="a">ZDB</subfield>
          </datafield>
          <datafield tag="700" ind1="-" ind2="1">
            <subfield code="a">370</subfield>
            <subfield code="a">ZDB</subfield>
          </datafield>
          <datafield tag="700" ind1="l" ind2="1">
            <subfield code="a">120 ; 330</subfield>
          </datafield>
          <datafield tag="700" ind1="z" ind2="1">
            <subfield code="a">300</subfield>
          </datafield>
          <datafield tag="700" ind1="z" ind2="1">
            <subfield code="a">280</subfield>
          </datafield>
          <datafield tag="700" ind1="g" ind2="1">
            <subfield code="a">NB 8500</subfield>
          </datafield>
          <datafield tag="902" ind1="-" ind2="1">
            <subfield code="s">Geschichtsunterricht</subfield>
            <subfield code="9">(DE-588)4020533-2</subfield>
          </datafield>
          <datafield tag="902" ind1="-" ind2="1">
            <subfield code="f">Zeitschrift</subfield>
          </datafield>
          <datafield tag="907" ind1="-" ind2="1">
            <subfield code="s">Geschichte</subfield>
            <subfield code="9">(DE-588)4020517-4</subfield>
          </datafield>
          <datafield tag="907" ind1="-" ind2="1">
            <subfield code="f">Zeitschrift</subfield>
          </datafield>
          <datafield tag="912" ind1="-" ind2="1">
            <subfield code="s">Geschichtsunterricht</subfield>
            <subfield code="9">(DE-588)4020533-2</subfield>
          </datafield>
          <datafield tag="912" ind1="-" ind2="1">
            <subfield code="f">Zeitschrift</subfield>
          </datafield>
          <datafield tag="914" ind1="-" ind2="1">
            <subfield code="a">DE-101DE-101</subfield>
          </datafield>
          <datafield tag="917" ind1="-" ind2="1">
            <subfield code="s">Geschichte</subfield>
            <subfield code="9">(DE-588)4020517-4</subfield>
          </datafield>
          <datafield tag="917" ind1="-" ind2="1">
            <subfield code="f">Zeitschrift</subfield>
          </datafield>
          <datafield tag="919" ind1="-" ind2="1">
            <subfield code="a">DE-600DE-600</subfield>
          </datafield>
          <controlfield tag="SYS">000897969</controlfield>
          <datafield tag="016" ind1="-" ind2="1">
            <subfield code="a">551407085</subfield>
            <subfield code="b">DNB</subfield>
          </datafield>
          <datafield tag="406" ind1="a" ind2="1">
            <subfield code="d">1</subfield>
            <subfield code="j">1987</subfield>
          </datafield>
          <datafield tag="406" ind1="a" ind2="1">
            <subfield code="d">2</subfield>
            <subfield code="j">1988</subfield>
            <subfield code="n">8</subfield>
            <subfield code="k">1994</subfield>
          </datafield>
          <datafield tag="406" ind1="a" ind2="1">
            <subfield code="d">9</subfield>
            <subfield code="j">1995</subfield>
            <subfield code="n">12</subfield>
            <subfield code="k">1998</subfield>
          </datafield>
          <datafield tag="406" ind1="a" ind2="1">
            <subfield code="d">11</subfield>
            <subfield code="j">1998</subfield>
          </datafield>
          <datafield tag="705" ind1="-" ind2="1">
            <subfield code="a">907.12</subfield>
            <subfield code="c">907</subfield>
            <subfield code="e">DDC22ger</subfield>
            <subfield code="f">0712</subfield>
          </datafield>
          <datafield tag="PSW" ind1="-" ind2="1">
            <subfield code="s">Geschichte</subfield>
            <subfield code="x">Didaktik</subfield>
            <subfield code="9">(DE-588)4020533-2</subfield>
          </datafield>
          <datafield tag="PSW" ind1="-" ind2="1">
            <subfield code="s">Geschichte</subfield>
            <subfield code="x">Unterricht</subfield>
            <subfield code="9">(DE-588)4020533-2</subfield>
          </datafield>
          <datafield tag="PSW" ind1="-" ind2="1">
            <subfield code="s">Geschichtsdidaktik</subfield>
            <subfield code="9">(DE-588)4020533-2</subfield>
          </datafield>
          <datafield tag="PSW" ind1="-" ind2="1">
            <subfield code="s">Landesgeschichte</subfield>
            <subfield code="9">(DE-588)4020517-4</subfield>
          </datafield>
          <datafield tag="PSW" ind1="-" ind2="1">
            <subfield code="s">Regionalgeschichte</subfield>
            <subfield code="9">(DE-588)4020517-4</subfield>
          </datafield>
          <datafield tag="PSW" ind1="-" ind2="1">
            <subfield code="s">Ortsgeschichte</subfield>
            <subfield code="9">(DE-588)4020517-4</subfield>
          </datafield>
          <datafield tag="PSW" ind1="-" ind2="1">
            <subfield code="s">Zeitgeschichte</subfield>
            <subfield code="9">(DE-588)4020517-4</subfield>
          </datafield>
          <datafield tag="PSW" ind1="-" ind2="1">
            <subfield code="s">Geschichte</subfield>
            <subfield code="x">Didaktik</subfield>
            <subfield code="9">(DE-588)4020533-2</subfield>
          </datafield>
          <datafield tag="PSW" ind1="-" ind2="1">
            <subfield code="s">Geschichte</subfield>
            <subfield code="x">Unterricht</subfield>
            <subfield code="9">(DE-588)4020533-2</subfield>
          </datafield>
          <datafield tag="PSW" ind1="-" ind2="1">
            <subfield code="s">Geschichtsdidaktik</subfield>
            <subfield code="9">(DE-588)4020533-2</subfield>
          </datafield>
          <datafield tag="PSW" ind1="-" ind2="1">
            <subfield code="s">Landesgeschichte</subfield>
            <subfield code="9">(DE-588)4020517-4</subfield>
          </datafield>
          <datafield tag="PSW" ind1="-" ind2="1">
            <subfield code="s">Regionalgeschichte</subfield>
            <subfield code="9">(DE-588)4020517-4</subfield>
          </datafield>
          <datafield tag="PSW" ind1="-" ind2="1">
            <subfield code="s">Ortsgeschichte</subfield>
            <subfield code="9">(DE-588)4020517-4</subfield>
          </datafield>
          <datafield tag="PSW" ind1="-" ind2="1">
            <subfield code="s">Zeitgeschichte</subfield>
            <subfield code="9">(DE-588)4020517-4</subfield>
          </datafield>
          <datafield tag="PSW" ind1="-" ind2="1">
            <subfield code="s">Geschichte</subfield>
            <subfield code="x">Didaktik</subfield>
            <subfield code="9">(DE-588)4020533-2</subfield>
          </datafield>
          <datafield tag="PSW" ind1="-" ind2="1">
            <subfield code="s">Geschichte</subfield>
            <subfield code="x">Unterricht</subfield>
            <subfield code="9">(DE-588)4020533-2</subfield>
          </datafield>
          <datafield tag="PSW" ind1="-" ind2="1">
            <subfield code="s">Geschichtsdidaktik</subfield>
            <subfield code="9">(DE-588)4020533-2</subfield>
          </datafield>
          <datafield tag="PSW" ind1="-" ind2="1">
            <subfield code="s">Landesgeschichte</subfield>
            <subfield code="9">(DE-588)4020517-4</subfield>
          </datafield>
          <datafield tag="PSW" ind1="-" ind2="1">
            <subfield code="s">Regionalgeschichte</subfield>
            <subfield code="9">(DE-588)4020517-4</subfield>
          </datafield>
          <datafield tag="PSW" ind1="-" ind2="1">
            <subfield code="s">Ortsgeschichte</subfield>
            <subfield code="9">(DE-588)4020517-4</subfield>
          </datafield>
          <datafield tag="PSW" ind1="-" ind2="1">
            <subfield code="s">Zeitgeschichte</subfield>
            <subfield code="9">(DE-588)4020517-4</subfield>
          </datafield>
          <datafield tag="200" ind1=" " ind2=" ">
            <subfield code="0">1</subfield>
            <subfield code="b">11.1997; 18.2005 -</subfield>
            <subfield code="f">P 30/40 p 8</subfield>
          </datafield>
          <datafield tag="OWN" ind1=" " ind2=" ">
            <subfield code="a">P0001</subfield>
          </datafield>
          <datafield tag="200" ind1=" " ind2=" ">
            <subfield code="0">1</subfield>
            <subfield code="a">CD-Beil. zu</subfield>
            <subfield code="b">18.2005 -</subfield>
            <subfield code="f">P 96/40 p 8</subfield>
          </datafield>
          <datafield tag="OWN" ind1=" " ind2=" ">
            <subfield code="a">P0001</subfield>
          </datafield>
          <datafield tag="PLK" ind1=" " ind2=" ">
            <subfield code="a">SRD</subfield>
            <subfield code="l">PAD01</subfield>
            <subfield code="b">001470198</subfield>
            <subfield code="m">Praxis Geschichte.^1987</subfield>
            <subfield code="n">2012,3.^Geschichte im Fernsehen.^2012</subfield>
          </datafield>
          <datafield tag="PLK" ind1=" " ind2=" ">
            <subfield code="a">SRD</subfield>
            <subfield code="l">PAD01</subfield>
            <subfield code="b">001252151</subfield>
            <subfield code="m">Praxis Geschichte.^1987</subfield>
            <subfield code="n">2005,6.^Weltmacht USA.^2005</subfield>
          </datafield>
          <datafield tag="PLK" ind1=" " ind2=" ">
            <subfield code="a">SRD</subfield>
            <subfield code="l">PAD01</subfield>
            <subfield code="b">001252153</subfield>
            <subfield code="m">Praxis Geschichte.^1987</subfield>
            <subfield code="n">2007,6.^Politische Reden.^2007</subfield>
          </datafield>
          <datafield tag="PLK" ind1=" " ind2=" ">
            <subfield code="a">SRD</subfield>
            <subfield code="l">PAD01</subfield>
            <subfield code="b">001252154</subfield>
            <subfield code="m">Praxis Geschichte.^1987</subfield>
            <subfield code="n">2008,6.^Weimarer Republik - Krise der Moderne.^2008</subfield>
          </datafield>
          <datafield tag="PLK" ind1=" " ind2=" ">
            <subfield code="a">SRD</subfield>
            <subfield code="l">PAD01</subfield>
            <subfield code="b">001252155</subfield>
            <subfield code="m">Praxis Geschichte.^1987</subfield>
            <subfield code="n">2009,4.^Historisches Lernen mit elektronischen Medien.^2009</subfield>
          </datafield>
          <datafield tag="PLK" ind1=" " ind2=" ">
            <subfield code="a">SRD</subfield>
            <subfield code="l">PAD01</subfield>
            <subfield code="b">001252152</subfield>
            <subfield code="m">Praxis Geschichte.^1987</subfield>
            <subfield code="n">2006,5.^Spiel-Filme im Geschichtsunterricht.^2006</subfield>
          </datafield>
          <datafield tag="PLK" ind1=" " ind2=" ">
            <subfield code="a">SRD</subfield>
            <subfield code="l">PAD01</subfield>
            <subfield code="b">001257613</subfield>
            <subfield code="m">Praxis Geschichte.^1987</subfield>
            <subfield code="n">1997,5.^Lernen, arbeiten, siegen: Die Ära Ulbricht.^1997</subfield>
          </datafield>
          <datafield tag="PLK" ind1=" " ind2=" ">
            <subfield code="a">SRD</subfield>
            <subfield code="l">PAD01</subfield>
            <subfield code="b">001520108</subfield>
            <subfield code="m">Praxis Geschichte.^1987</subfield>
            <subfield code="n">2012,Extra.^Dokumente des Holocaust.^2012</subfield>
          </datafield>
          <datafield tag="PLK" ind1=" " ind2=" ">
            <subfield code="a">PAR</subfield>
            <subfield code="l">PAD01</subfield>
            <subfield code="b">000998195</subfield>
            <subfield code="m">Auch unter dem Titel:^Praxis Geschichte.^1987</subfield>
            <subfield code="n">Auch unter dem Titel:^Praxis Geschichte.^1998</subfield>
          </datafield>
          <datafield tag="PLK" ind1=" " ind2=" ">
            <subfield code="a">SRD</subfield>
            <subfield code="l">PAD01</subfield>
            <subfield code="b">001257609</subfield>
            <subfield code="m">Praxis Geschichte.^1987</subfield>
            <subfield code="n">1997,1.^Jungsein und Erwachsenwerden.^1997</subfield>
          </datafield>
          <datafield tag="PLK" ind1=" " ind2=" ">
            <subfield code="a">SRD</subfield>
            <subfield code="l">PAD01</subfield>
            <subfield code="b">001257610</subfield>
            <subfield code="m">Praxis Geschichte.^1987</subfield>
            <subfield code="n">1997,2.^Geschichte(n) schreiben.^1997</subfield>
          </datafield>
          <datafield tag="PLK" ind1=" " ind2=" ">
            <subfield code="a">SRD</subfield>
            <subfield code="l">PAD01</subfield>
            <subfield code="b">001257612</subfield>
            <subfield code="m">Praxis Geschichte.^1987</subfield>
            <subfield code="n">1997,4.^Mensch und Umwelt.^1997</subfield>
          </datafield>
          <datafield tag="PLK" ind1=" " ind2=" ">
            <subfield code="a">SRD</subfield>
            <subfield code="l">PAD01</subfield>
            <subfield code="b">001257614</subfield>
            <subfield code="m">Praxis Geschichte.^1987</subfield>
            <subfield code="n">1997,6.^Nordamerika 1756 - 1917.^1997</subfield>
          </datafield>
          <datafield tag="PLK" ind1=" " ind2=" ">
            <subfield code="a">SRD</subfield>
            <subfield code="l">PAD01</subfield>
            <subfield code="b">001362980</subfield>
            <subfield code="m">Praxis Geschichte.^1987</subfield>
            <subfield code="n">2010,5.^Römische Kaiserzeit.^2010</subfield>
          </datafield>
          <datafield tag="PLK" ind1=" " ind2=" ">
            <subfield code="a">SRD</subfield>
            <subfield code="l">PAD01</subfield>
            <subfield code="b">001257611</subfield>
            <subfield code="m">Praxis Geschichte.^1987</subfield>
            <subfield code="n">1997,3.^Friedensbewegungen in Deutschland 1892 - 1945.^1997</subfield>
          </datafield>
          <datafield tag="PLK" ind1=" " ind2=" ">
            <subfield code="a">SRD</subfield>
            <subfield code="l">PAD01</subfield>
            <subfield code="b">001423601</subfield>
            <subfield code="m">Praxis Geschichte.^1987</subfield>
            <subfield code="n">2011,5.^Lebenswege der Französischen Revolution.^2011</subfield>
          </datafield>
          <datafield tag="LOC" ind1=" " ind2=" ">
            <subfield code="m">ISSBD</subfield>
            <subfield code="a">P0001</subfield>
            <subfield code="b">30</subfield>
            <subfield code="d">40p8</subfield>
            <subfield code="g">11.1997</subfield>
            <subfield code="i">09:1300</subfield>
            <subfield code="n">36</subfield>
            <subfield code="k">20100323</subfield>
            <subfield code="5">911902-470</subfield>
          </datafield>
          <datafield tag="LOC" ind1=" " ind2=" ">
            <subfield code="m">ISSBD</subfield>
            <subfield code="a">P0001</subfield>
            <subfield code="b">30</subfield>
            <subfield code="d">40p8</subfield>
            <subfield code="g">18.2005</subfield>
            <subfield code="i">05:729</subfield>
            <subfield code="n">36</subfield>
            <subfield code="k">20050602</subfield>
            <subfield code="5">911902-230</subfield>
          </datafield>
          <datafield tag="LOC" ind1=" " ind2=" ">
            <subfield code="m">ISSBD</subfield>
            <subfield code="a">P0001</subfield>
            <subfield code="b">30</subfield>
            <subfield code="d">40p8</subfield>
            <subfield code="g">19.2006</subfield>
            <subfield code="i">06:186</subfield>
            <subfield code="n">36</subfield>
            <subfield code="k">20060125</subfield>
            <subfield code="5">911902-220</subfield>
          </datafield>
          <datafield tag="LOC" ind1=" " ind2=" ">
            <subfield code="m">ISSBD</subfield>
            <subfield code="a">P0001</subfield>
            <subfield code="b">30</subfield>
            <subfield code="d">40p8</subfield>
            <subfield code="g">20.2007</subfield>
            <subfield code="i">07:274</subfield>
            <subfield code="n">36</subfield>
            <subfield code="k">20080114</subfield>
            <subfield code="5">911902-310</subfield>
          </datafield>
          <datafield tag="LOC" ind1=" " ind2=" ">
            <subfield code="m">ISSBD</subfield>
            <subfield code="a">P0001</subfield>
            <subfield code="b">30</subfield>
            <subfield code="d">40p8</subfield>
            <subfield code="g">2010</subfield>
            <subfield code="i">10:246</subfield>
            <subfield code="n">36</subfield>
            <subfield code="k">20120918</subfield>
            <subfield code="5">911902-620</subfield>
          </datafield>
          <datafield tag="LOC" ind1=" " ind2=" ">
            <subfield code="m">ISSBD</subfield>
            <subfield code="a">P0001</subfield>
            <subfield code="b">30</subfield>
            <subfield code="d">40p8</subfield>
            <subfield code="g">2011</subfield>
            <subfield code="i">11:213</subfield>
            <subfield code="n">36</subfield>
            <subfield code="k">20121121</subfield>
            <subfield code="5">911902-640</subfield>
          </datafield>
          <datafield tag="LOC" ind1=" " ind2=" ">
            <subfield code="m">ISSBD</subfield>
            <subfield code="a">P0001</subfield>
            <subfield code="b">30</subfield>
            <subfield code="d">40p8</subfield>
            <subfield code="g">21.2008</subfield>
            <subfield code="i">08:322</subfield>
            <subfield code="n">36</subfield>
            <subfield code="k">20090922</subfield>
            <subfield code="5">911902-400</subfield>
          </datafield>
          <datafield tag="LOC" ind1=" " ind2=" ">
            <subfield code="m">ISSBD</subfield>
            <subfield code="a">P0001</subfield>
            <subfield code="b">30</subfield>
            <subfield code="d">40p8</subfield>
            <subfield code="g">22.2009</subfield>
            <subfield code="i">09:239</subfield>
            <subfield code="n">36</subfield>
            <subfield code="k">20110125</subfield>
            <subfield code="5">911902-540</subfield>
          </datafield>
          <datafield tag="LOC" ind1=" " ind2=" ">
            <subfield code="m">ISSEJ</subfield>
            <subfield code="a">P0001</subfield>
            <subfield code="b">96</subfield>
            <subfield code="d">40p8</subfield>
            <subfield code="g">18.2005,6,DVD</subfield>
            <subfield code="n">36</subfield>
            <subfield code="k">00000000</subfield>
            <subfield code="5">911902-80</subfield>
          </datafield>
          <datafield tag="LOC" ind1=" " ind2=" ">
            <subfield code="m">ISSEJ</subfield>
            <subfield code="a">P0001</subfield>
            <subfield code="b">96</subfield>
            <subfield code="d">40p8</subfield>
            <subfield code="g">19.2006,5, DVD</subfield>
            <subfield code="n">36</subfield>
            <subfield code="k">00000000</subfield>
            <subfield code="5">911902-150</subfield>
          </datafield>
          <datafield tag="LOC" ind1=" " ind2=" ">
            <subfield code="m">ISSEJ</subfield>
            <subfield code="a">P0001</subfield>
            <subfield code="b">96</subfield>
            <subfield code="d">40p8</subfield>
            <subfield code="g">21.2007,6, DVD</subfield>
            <subfield code="i">07:274</subfield>
            <subfield code="n">36</subfield>
            <subfield code="k">20071113</subfield>
            <subfield code="5">911902-240</subfield>
          </datafield>
          <datafield tag="LOC" ind1=" " ind2=" ">
            <subfield code="m">ISSEJ</subfield>
            <subfield code="a">P0001</subfield>
            <subfield code="b">96</subfield>
            <subfield code="d">40p8</subfield>
            <subfield code="g">22.2008,6,DVD</subfield>
            <subfield code="n">36</subfield>
            <subfield code="k">00000000</subfield>
            <subfield code="5">911902-320</subfield>
          </datafield>
          <datafield tag="LOC" ind1=" " ind2=" ">
            <subfield code="m">ISSEJ</subfield>
            <subfield code="a">P0001</subfield>
            <subfield code="b">96</subfield>
            <subfield code="d">40p8</subfield>
            <subfield code="g">23.2009,4 CD</subfield>
            <subfield code="n">36</subfield>
            <subfield code="k">00000000</subfield>
            <subfield code="5">911902-390</subfield>
          </datafield>
          <datafield tag="LOC" ind1=" " ind2=" ">
            <subfield code="m">ISSUE</subfield>
            <subfield code="a">P0001</subfield>
            <subfield code="b">30</subfield>
            <subfield code="d">40p8</subfield>
            <subfield code="g">2012, DVD Schule unterm Hakenkreuz</subfield>
            <subfield code="n">32</subfield>
            <subfield code="k">00000000</subfield>
            <subfield code="5">911902-610</subfield>
          </datafield>
          <datafield tag="LOC" ind1=" " ind2=" ">
            <subfield code="m">ISSUE</subfield>
            <subfield code="a">P0001</subfield>
            <subfield code="b">30</subfield>
            <subfield code="d">40p8</subfield>
            <subfield code="g">2012, Extra</subfield>
            <subfield code="n">32</subfield>
            <subfield code="k">00000000</subfield>
            <subfield code="5">911902-630</subfield>
          </datafield>
          <datafield tag="LOC" ind1=" " ind2=" ">
            <subfield code="m">ISSUE</subfield>
            <subfield code="a">P0001</subfield>
            <subfield code="b">30</subfield>
            <subfield code="d">40p8</subfield>
            <subfield code="g">2012,1 + 1 Folie</subfield>
            <subfield code="n">32</subfield>
            <subfield code="k">00000000</subfield>
            <subfield code="5">911902-550</subfield>
          </datafield>
          <datafield tag="LOC" ind1=" " ind2=" ">
            <subfield code="m">ISSUE</subfield>
            <subfield code="a">P0001</subfield>
            <subfield code="b">30</subfield>
            <subfield code="d">40p8</subfield>
            <subfield code="g">2012,2 + 1 Folie</subfield>
            <subfield code="n">32</subfield>
            <subfield code="k">00000000</subfield>
            <subfield code="5">911902-560</subfield>
          </datafield>
          <datafield tag="LOC" ind1=" " ind2=" ">
            <subfield code="m">ISSUE</subfield>
            <subfield code="a">P0001</subfield>
            <subfield code="b">30</subfield>
            <subfield code="d">40p8</subfield>
            <subfield code="g">2012,3 + 1 Posterbeilage "EM-Planer 2012" + Ländersticker</subfield>
            <subfield code="n">32</subfield>
            <subfield code="k">00000000</subfield>
            <subfield code="5">911902-570</subfield>
          </datafield>
          <datafield tag="LOC" ind1=" " ind2=" ">
            <subfield code="m">ISSUE</subfield>
            <subfield code="a">P0001</subfield>
            <subfield code="b">30</subfield>
            <subfield code="d">40p8</subfield>
            <subfield code="g">2012,4 + 1 Posterbeilage</subfield>
            <subfield code="n">32</subfield>
            <subfield code="k">00000000</subfield>
            <subfield code="5">911902-580</subfield>
          </datafield>
          <datafield tag="LOC" ind1=" " ind2=" ">
            <subfield code="m">ISSUE</subfield>
            <subfield code="a">P0001</subfield>
            <subfield code="b">30</subfield>
            <subfield code="d">40p8</subfield>
            <subfield code="g">2012,5 + 1 Folie</subfield>
            <subfield code="n">32</subfield>
            <subfield code="k">00000000</subfield>
            <subfield code="5">911902-590</subfield>
          </datafield>
          <datafield tag="LOC" ind1=" " ind2=" ">
            <subfield code="m">ISSUE</subfield>
            <subfield code="a">P0001</subfield>
            <subfield code="b">30</subfield>
            <subfield code="d">40p8</subfield>
            <subfield code="g">2012,6 + 1 Folie + 1 Posterbeilage</subfield>
            <subfield code="n">32</subfield>
            <subfield code="k">00000000</subfield>
            <subfield code="5">911902-600</subfield>
          </datafield>
          <datafield tag="LOC" ind1=" " ind2=" ">
            <subfield code="m">ISSUE</subfield>
            <subfield code="a">P0001</subfield>
            <subfield code="b">30</subfield>
            <subfield code="d">40p8</subfield>
            <subfield code="g">2013,1</subfield>
            <subfield code="n">32</subfield>
            <subfield code="k">00000000</subfield>
            <subfield code="5">911902-650</subfield>
          </datafield>
          <datafield tag="LOC" ind1=" " ind2=" ">
            <subfield code="m">ISSUE</subfield>
            <subfield code="a">P0001</subfield>
            <subfield code="b">30</subfield>
            <subfield code="d">40p8</subfield>
            <subfield code="g">2013,2</subfield>
            <subfield code="n">32</subfield>
            <subfield code="k">00000000</subfield>
            <subfield code="5">911902-660</subfield>
          </datafield>
          <datafield tag="LOC" ind1=" " ind2=" ">
            <subfield code="m">ISSUE</subfield>
            <subfield code="a">P0001</subfield>
            <subfield code="b">30</subfield>
            <subfield code="d">40p8</subfield>
            <subfield code="g">2013,3 + 1 Folie</subfield>
            <subfield code="n">32</subfield>
            <subfield code="k">00000000</subfield>
            <subfield code="5">911902-670</subfield>
          </datafield>
          <datafield tag="LOC" ind1=" " ind2=" ">
            <subfield code="m">ISSUE</subfield>
            <subfield code="a">P0001</subfield>
            <subfield code="b">30</subfield>
            <subfield code="d">40p8</subfield>
            <subfield code="g">2013,4</subfield>
            <subfield code="n">32</subfield>
            <subfield code="k">00000000</subfield>
            <subfield code="5">911902-680</subfield>
          </datafield>
          <datafield tag="LOC" ind1=" " ind2=" ">
            <subfield code="m">ISSUE</subfield>
            <subfield code="a">P0001</subfield>
            <subfield code="b">30</subfield>
            <subfield code="d">40p8</subfield>
            <subfield code="g">2013,5</subfield>
            <subfield code="n">32</subfield>
            <subfield code="k">00000000</subfield>
            <subfield code="5">911902-690</subfield>
          </datafield>
          <datafield tag="LOC" ind1=" " ind2=" ">
            <subfield code="m">ISSUE</subfield>
            <subfield code="a">P0001</subfield>
            <subfield code="b">30</subfield>
            <subfield code="d">40p8</subfield>
            <subfield code="g">2013,6</subfield>
            <subfield code="n">32</subfield>
            <subfield code="k">00000000</subfield>
            <subfield code="5">911902-700</subfield>
          </datafield>
        </record>
      </metadata>
    </record>
  </ListRecords>
</OAI-PMH>
